<collection xmlns="http://www.loc.gov/MARC21/slim"><record><leader>00748nam  2200229   450</leader><controlfield tag="001">538</controlfield><controlfield tag="003">http://montalegre.opacnet.com/OPAC/default.aspx?ContentAreaControl=ShowRegHoldings.ascx&amp;RegNo=16662</controlfield><controlfield tag="005">20</controlfield><datafield tag="021" ind1=" " ind2=" "><subfield code="a">PT</subfield><subfield code="b">10670/85</subfield></datafield><datafield tag="095" ind1=" " ind2=" "><subfield code="a">PTBN00031647</subfield></datafield><datafield tag="100" ind1=" " ind2=" "><subfield code="a">20090219d1986    k  y0pora010305  ba</subfield></datafield><datafield tag="101" ind1="1" ind2=" "><subfield code="a">por</subfield><subfield code="c">ger</subfield></datafield><datafield tag="102" ind1=" " ind2=" "><subfield code="a">PT</subfield></datafield><datafield tag="200" ind1="1" ind2=" "><subfield code="a">&lt;A &gt;casa das belas adormecidas</subfield><subfield code="f">Yasunary Kawabata</subfield><subfield code="g">trad. Luís Pignatelli</subfield></datafield><datafield tag="210" ind1=" " ind2=" "><subfield code="a">Lisboa</subfield><subfield code="c">Assírio &amp; Alvim</subfield><subfield code="d">1986</subfield></datafield><datafield tag="215" ind1=" " ind2=" "><subfield code="a">95 p.</subfield><subfield code="d">21 cm</subfield></datafield><datafield tag="225" ind1="2" ind2=" "><subfield code="a">&lt;O &gt;imaginário</subfield><subfield code="v">11</subfield></datafield><datafield tag="675" ind1=" " ind2=" "><subfield code="a">821</subfield><subfield code="v">BN</subfield><subfield code="z">por</subfield></datafield><datafield tag="700" ind1=" " ind2="1"><subfield code="a">Kawabata</subfield><subfield code="b">Yasumari</subfield><subfield code="f">1899-1972</subfield></datafield><datafield tag="702" ind1=" " ind2="1"><subfield code="a">Pignatelli</subfield><subfield code="b">Luís</subfield><subfield code="f">1932-1993</subfield><subfield code="4">730</subfield></datafield><datafield tag="801" ind1=" " ind2="0"><subfield code="a">PT</subfield><subfield code="b">Biblioteca Municipal de Montalegre</subfield><subfield code="g">RPC</subfield></datafield><datafield tag="856" ind1=" " ind2=" "><subfield code="u">locateMedia.asp?cod=20060518102023&amp;ext=jpg</subfield><subfield code="z">CAPA</subfield></datafield><datafield tag="909" ind1="&#9;" ind2=" "><subfield code="a">1</subfield></datafield><datafield tag="966" ind1=" " ind2=" "><subfield code="a">0008889</subfield><subfield code="l">BMM</subfield><subfield code="s">SCG 821 KAW cas 11</subfield></datafield></record></collection>